<?xml version="1.0" encoding="UTF-8"?><collection xmlns="http://www.loc.gov/MARC21/slim"><record><leader>00325nam--2200133-i-4500</leader><controlfield tag="001">000025026</controlfield><controlfield tag="002">20161230</controlfield><controlfield tag="005">20161230201035</controlfield><controlfield tag="008">060222s1000------------r-----000-0-eng-d</controlfield><datafield ind1=" " ind2=" " tag="080"><subfield code="a">63</subfield></datafield><datafield ind1=" " ind2=" " tag="100"><subfield code="a">Duddington, C.L</subfield></datafield><datafield ind1=" " ind2=" " tag="245"><subfield code="a">Evolution in plant design</subfield></datafield><datafield ind1=" " ind2=" " tag="260"><subfield code="a">London, Faber And Faber Limited, 1969. 259 P</subfield></datafield><datafield ind1=" " ind2=" " tag="852"><subfield code="a">35069</subfield></datafield></record></collection>